%YAML 1.1
%TAG !u! tag:unity3d.com,2011:
--- !u!1 &501661842629757469
GameObject:
  m_ObjectHideFlags: 0
  m_CorrespondingSourceObject: {fileID: 0}
  m_PrefabInstance: {fileID: 0}
  m_PrefabAsset: {fileID: 0}
  serializedVersion: 6
  m_Component:
  - component: {fileID: 980228811808085248}
  - component: {fileID: 17818933579273219}
  - component: {fileID: 6743146100316360877}
  - component: {fileID: 1669840801850345966}
  - component: {fileID: 7617330232643846014}
  - component: {fileID: -1993796007879751318}
  - component: {fileID: -3846974127186656491}
  - component: {fileID: 5136698419870962686}
  m_Layer: 6
  m_Name: Arrow
  m_TagString: Untagged
  m_Icon: {fileID: 0}
  m_NavMeshLayer: 0
  m_StaticEditorFlags: 0
  m_IsActive: 1
--- !u!4 &980228811808085248
Transform:
  m_ObjectHideFlags: 0
  m_CorrespondingSourceObject: {fileID: 0}
  m_PrefabInstance: {fileID: 0}
  m_PrefabAsset: {fileID: 0}
  m_GameObject: {fileID: 501661842629757469}
  m_LocalRotation: {x: 0, y: 0, z: 0, w: 1}
  m_LocalPosition: {x: 0, y: 0, z: 0}
  m_LocalScale: {x: 0.39896, y: 0.39896, z: 0.39896}
  m_ConstrainProportionsScale: 0
  m_Children:
  - {fileID: 7746987392877528407}
  m_Father: {fileID: 0}
  m_RootOrder: 0
  m_LocalEulerAnglesHint: {x: 0, y: 0, z: 0}
--- !u!54 &17818933579273219
Rigidbody:
  m_ObjectHideFlags: 0
  m_CorrespondingSourceObject: {fileID: 0}
  m_PrefabInstance: {fileID: 0}
  m_PrefabAsset: {fileID: 0}
  m_GameObject: {fileID: 501661842629757469}
  serializedVersion: 2
  m_Mass: 1
  m_Drag: 0
  m_AngularDrag: 0.05
  m_UseGravity: 1
  m_IsKinematic: 0
  m_Interpolate: 0
  m_Constraints: 0
  m_CollisionDetection: 0
--- !u!114 &6743146100316360877
MonoBehaviour:
  m_ObjectHideFlags: 0
  m_CorrespondingSourceObject: {fileID: 0}
  m_PrefabInstance: {fileID: 0}
  m_PrefabAsset: {fileID: 0}
  m_GameObject: {fileID: 501661842629757469}
  m_Enabled: 1
  m_EditorHideFlags: 0
  m_Script: {fileID: 11500000, guid: c378c06c9ea308b45b529063ca5c2c26, type: 3}
  m_Name: 
  m_EditorClassIdentifier: 
  player: {fileID: 5183637558844716952, guid: 0952a7deb28a3b543949dcfd82aa8b80, type: 3}
--- !u!114 &1669840801850345966
MonoBehaviour:
  m_ObjectHideFlags: 0
  m_CorrespondingSourceObject: {fileID: 0}
  m_PrefabInstance: {fileID: 0}
  m_PrefabAsset: {fileID: 0}
  m_GameObject: {fileID: 501661842629757469}
  m_Enabled: 1
  m_EditorHideFlags: 0
  m_Script: {fileID: 11500000, guid: 3f89487d3f76e8047939f9187c31a60b, type: 3}
  m_Name: 
  m_EditorClassIdentifier: 
  arrowDamage: 20
  layerMask:
    serializedVersion: 2
    m_Bits: 8
--- !u!114 &7617330232643846014
MonoBehaviour:
  m_ObjectHideFlags: 0
  m_CorrespondingSourceObject: {fileID: 0}
  m_PrefabInstance: {fileID: 0}
  m_PrefabAsset: {fileID: 0}
  m_GameObject: {fileID: 501661842629757469}
  m_Enabled: 1
  m_EditorHideFlags: 0
  m_Script: {fileID: 11500000, guid: 1fe2238d37196f14f98e516cc6ea9c59, type: 3}
  m_Name: 
  m_EditorClassIdentifier: 
--- !u!114 &-1993796007879751318
MonoBehaviour:
  m_ObjectHideFlags: 0
  m_CorrespondingSourceObject: {fileID: 0}
  m_PrefabInstance: {fileID: 0}
  m_PrefabAsset: {fileID: 0}
  m_GameObject: {fileID: 501661842629757469}
  m_Enabled: 1
  m_EditorHideFlags: 0
  m_Script: {fileID: 11500000, guid: 5fea29bb7c508c244a1f805a5fd3fc4d, type: 3}
  m_Name: 
  m_EditorClassIdentifier: 
  outlineMode: 0
  outlineColor: {r: 1, g: 0.93054044, b: 0.10849059, a: 1}
  outlineWidth: 5
  precomputeOutline: 0
  bakeKeys: []
  bakeValues: []
--- !u!114 &-3846974127186656491
MonoBehaviour:
  m_ObjectHideFlags: 0
  m_CorrespondingSourceObject: {fileID: 0}
  m_PrefabInstance: {fileID: 0}
  m_PrefabAsset: {fileID: 0}
  m_GameObject: {fileID: 501661842629757469}
  m_Enabled: 0
  m_EditorHideFlags: 0
  m_Script: {fileID: 11500000, guid: 87f81b691cf448341bfa54154482b4bf, type: 3}
  m_Name: 
  m_EditorClassIdentifier: 
  weaponDamage: 30
  target: Player
  attacking_layer:
    serializedVersion: 2
    m_Bits: 0
  bloodBurst: {fileID: 4697706126428646518, guid: 54abaf39c60748748aa3b7ccef6273e1,
    type: 3}
--- !u!114 &5136698419870962686
MonoBehaviour:
  m_ObjectHideFlags: 0
  m_CorrespondingSourceObject: {fileID: 0}
  m_PrefabInstance: {fileID: 0}
  m_PrefabAsset: {fileID: 0}
  m_GameObject: {fileID: 501661842629757469}
  m_Enabled: 1
  m_EditorHideFlags: 0
  m_Script: {fileID: 11500000, guid: ed242f27e2177a541a7f56cc9b34a985, type: 3}
  m_Name: 
  m_EditorClassIdentifier: 
  arrowDamage: 20
--- !u!1001 &7784589055799878332
PrefabInstance:
  m_ObjectHideFlags: 0
  serializedVersion: 2
  m_Modification:
    m_TransformParent: {fileID: 980228811808085248}
    m_Modifications:
    - target: {fileID: -8679921383154817045, guid: 8e4bc098396155c43b18f723f9b73dcf,
        type: 3}
      propertyPath: m_RootOrder
      value: 0
      objectReference: {fileID: 0}
    - target: {fileID: -8679921383154817045, guid: 8e4bc098396155c43b18f723f9b73dcf,
        type: 3}
      propertyPath: m_LocalPosition.x
      value: 0
      objectReference: {fileID: 0}
    - target: {fileID: -8679921383154817045, guid: 8e4bc098396155c43b18f723f9b73dcf,
        type: 3}
      propertyPath: m_LocalPosition.y
      value: 0
      objectReference: {fileID: 0}
    - target: {fileID: -8679921383154817045, guid: 8e4bc098396155c43b18f723f9b73dcf,
        type: 3}
      propertyPath: m_LocalPosition.z
      value: 0
      objectReference: {fileID: 0}
    - target: {fileID: -8679921383154817045, guid: 8e4bc098396155c43b18f723f9b73dcf,
        type: 3}
      propertyPath: m_LocalRotation.w
      value: 0.7071068
      objectReference: {fileID: 0}
    - target: {fileID: -8679921383154817045, guid: 8e4bc098396155c43b18f723f9b73dcf,
        type: 3}
      propertyPath: m_LocalRotation.x
      value: -0.7071068
      objectReference: {fileID: 0}
    - target: {fileID: -8679921383154817045, guid: 8e4bc098396155c43b18f723f9b73dcf,
        type: 3}
      propertyPath: m_LocalRotation.y
      value: 0
      objectReference: {fileID: 0}
    - target: {fileID: -8679921383154817045, guid: 8e4bc098396155c43b18f723f9b73dcf,
        type: 3}
      propertyPath: m_LocalRotation.z
      value: 0
      objectReference: {fileID: 0}
    - target: {fileID: -8679921383154817045, guid: 8e4bc098396155c43b18f723f9b73dcf,
        type: 3}
      propertyPath: m_LocalEulerAnglesHint.x
      value: -90
      objectReference: {fileID: 0}
    - target: {fileID: -8679921383154817045, guid: 8e4bc098396155c43b18f723f9b73dcf,
        type: 3}
      propertyPath: m_LocalEulerAnglesHint.y
      value: 0
      objectReference: {fileID: 0}
    - target: {fileID: -8679921383154817045, guid: 8e4bc098396155c43b18f723f9b73dcf,
        type: 3}
      propertyPath: m_LocalEulerAnglesHint.z
      value: 0
      objectReference: {fileID: 0}
    - target: {fileID: 919132149155446097, guid: 8e4bc098396155c43b18f723f9b73dcf,
        type: 3}
      propertyPath: m_Name
      value: Arrow
      objectReference: {fileID: 0}
    m_RemovedComponents: []
  m_SourcePrefab: {fileID: 100100000, guid: 8e4bc098396155c43b18f723f9b73dcf, type: 3}
--- !u!1 &6974109146892558317 stripped
GameObject:
  m_CorrespondingSourceObject: {fileID: 919132149155446097, guid: 8e4bc098396155c43b18f723f9b73dcf,
    type: 3}
  m_PrefabInstance: {fileID: 7784589055799878332}
  m_PrefabAsset: {fileID: 0}
--- !u!65 &2576899795748051705
BoxCollider:
  m_ObjectHideFlags: 0
  m_CorrespondingSourceObject: {fileID: 0}
  m_PrefabInstance: {fileID: 0}
  m_PrefabAsset: {fileID: 0}
  m_GameObject: {fileID: 6974109146892558317}
  m_Material: {fileID: 0}
  m_IsTrigger: 0
  m_Enabled: 1
  serializedVersion: 2
  m_Size: {x: 0.06554079, y: 1.2833968, z: 0.036266945}
  m_Center: {x: 0.00004397964, y: 0.6590999, z: -0.003585982}
--- !u!4 &7746987392877528407 stripped
Transform:
  m_CorrespondingSourceObject: {fileID: -8679921383154817045, guid: 8e4bc098396155c43b18f723f9b73dcf,
    type: 3}
  m_PrefabInstance: {fileID: 7784589055799878332}
  m_PrefabAsset: {fileID: 0}
