%YAML 1.1
%TAG !u! tag:unity3d.com,2011:
--- !u!29 &1
OcclusionCullingSettings:
  m_ObjectHideFlags: 0
  serializedVersion: 2
  m_OcclusionBakeSettings:
    smallestOccluder: 5
    smallestHole: 0.25
    backfaceThreshold: 100
  m_SceneGUID: 00000000000000000000000000000000
  m_OcclusionCullingData: {fileID: 0}
--- !u!104 &2
RenderSettings:
  m_ObjectHideFlags: 0
  serializedVersion: 9
  m_Fog: 1
  m_FogColor: {r: 0.4862745, g: 0.69411767, b: 0.8117647, a: 1}
  m_FogMode: 3
  m_FogDensity: 0.025
  m_LinearFogStart: 0
  m_LinearFogEnd: 300
  m_AmbientSkyColor: {r: 0.9386859, g: 0.90466136, b: 0.84687346, a: 1}
  m_AmbientEquatorColor: {r: 0.114, g: 0.125, b: 0.133, a: 1}
  m_AmbientGroundColor: {r: 0.047, g: 0.043, b: 0.035, a: 1}
  m_AmbientIntensity: 1
  m_AmbientMode: 0
  m_SubtractiveShadowColor: {r: 0.42, g: 0.478, b: 0.627, a: 1}
  m_SkyboxMaterial: {fileID: 2100000, guid: aeab33f69c199e54794f516d31450ec4, type: 2}
  m_HaloStrength: 0.5
  m_FlareStrength: 1
  m_FlareFadeSpeed: 3
  m_HaloTexture: {fileID: 0}
  m_SpotCookie: {fileID: 10001, guid: 0000000000000000e000000000000000, type: 0}
  m_DefaultReflectionMode: 1
  m_DefaultReflectionResolution: 128
  m_ReflectionBounces: 5
  m_ReflectionIntensity: 1
  m_CustomReflection: {fileID: 8900000, guid: 619e305f5165a9946b7f72464e44ca4a, type: 3}
  m_Sun: {fileID: 2114283754330233425}
  m_IndirectSpecularColor: {r: 0.029152213, g: 0.064445764, b: 0.12695098, a: 1}
  m_UseRadianceAmbientProbe: 0
--- !u!157 &3
LightmapSettings:
  m_ObjectHideFlags: 0
  serializedVersion: 12
  m_GIWorkflowMode: 1
  m_GISettings:
    serializedVersion: 2
    m_BounceScale: 1
    m_IndirectOutputScale: 1
    m_AlbedoBoost: 1
    m_EnvironmentLightingMode: 0
    m_EnableBakedLightmaps: 1
    m_EnableRealtimeLightmaps: 0
  m_LightmapEditorSettings:
    serializedVersion: 12
    m_Resolution: 2
    m_BakeResolution: 80
    m_AtlasSize: 1024
    m_AO: 1
    m_AOMaxDistance: 1
    m_CompAOExponent: 0.4
    m_CompAOExponentDirect: 0.4
    m_ExtractAmbientOcclusion: 0
    m_Padding: 2
    m_LightmapParameters: {fileID: 15204, guid: 0000000000000000f000000000000000,
      type: 0}
    m_LightmapsBakeMode: 1
    m_TextureCompression: 1
    m_FinalGather: 0
    m_FinalGatherFiltering: 1
    m_FinalGatherRayCount: 256
    m_ReflectionCompression: 2
    m_MixedBakeMode: 2
    m_BakeBackend: 1
    m_PVRSampling: 1
    m_PVRDirectSampleCount: 400
    m_PVRSampleCount: 400
    m_PVRBounces: 4
    m_PVREnvironmentSampleCount: 500
    m_PVREnvironmentReferencePointCount: 2048
    m_PVRFilteringMode: 1
    m_PVRDenoiserTypeDirect: 1
    m_PVRDenoiserTypeIndirect: 1
    m_PVRDenoiserTypeAO: 1
    m_PVRFilterTypeDirect: 0
    m_PVRFilterTypeIndirect: 0
    m_PVRFilterTypeAO: 0
    m_PVREnvironmentMIS: 1
    m_PVRCulling: 0
    m_PVRFilteringGaussRadiusDirect: 1
    m_PVRFilteringGaussRadiusIndirect: 5
    m_PVRFilteringGaussRadiusAO: 2
    m_PVRFilteringAtrousPositionSigmaDirect: 0.5
    m_PVRFilteringAtrousPositionSigmaIndirect: 2
    m_PVRFilteringAtrousPositionSigmaAO: 1
    m_ExportTrainingData: 0
    m_TrainingDataDestination: TrainingData
    m_LightProbeSampleCountMultiplier: 4
  m_LightingDataAsset: {fileID: 112000000, guid: dc26932bfda81404bb64aaed5f09712d,
    type: 2}
  m_LightingSettings: {fileID: 4890085278179872738, guid: 3b3f7400d3526e9429c39d03afb714b3,
    type: 2}
--- !u!196 &4
NavMeshSettings:
  serializedVersion: 2
  m_ObjectHideFlags: 0
  m_BuildSettings:
    serializedVersion: 2
    agentTypeID: 0
    agentRadius: 0.5
    agentHeight: 2
    agentSlope: 45
    agentClimb: 0.4
    ledgeDropHeight: 0
    maxJumpAcrossDistance: 0
    minRegionArea: 2
    manualCellSize: 0
    cellSize: 0.16666667
    manualTileSize: 0
    tileSize: 256
    accuratePlacement: 0
    maxJobWorkers: 0
    preserveTilesOutsideBounds: 0
    debug:
      m_Flags: 0
  m_NavMeshData: {fileID: 23800000, guid: 987d45814f012274283d3e5017e02db6, type: 2}
--- !u!1 &206180819 stripped
GameObject:
  m_CorrespondingSourceObject: {fileID: 206180819, guid: 56c22f063ef2e77458ce7dbe6b93deb7,
    type: 3}
  m_PrefabInstance: {fileID: 7773632972203928021}
  m_PrefabAsset: {fileID: 0}
--- !u!1 &208607611 stripped
GameObject:
  m_CorrespondingSourceObject: {fileID: 8801465322547334742, guid: 61002cde6e968084f8fdc5e37fface65,
    type: 3}
  m_PrefabInstance: {fileID: 5145649318371942677}
  m_PrefabAsset: {fileID: 0}
--- !u!114 &208607621 stripped
MonoBehaviour:
  m_CorrespondingSourceObject: {fileID: 208607621, guid: 61002cde6e968084f8fdc5e37fface65,
    type: 3}
  m_PrefabInstance: {fileID: 5145649318371942677}
  m_PrefabAsset: {fileID: 0}
  m_GameObject: {fileID: 208607611}
  m_Enabled: 1
  m_EditorHideFlags: 0
  m_Script: {fileID: 11500000, guid: 424301bf2dbdfb347a531f0a150e7960, type: 3}
  m_Name: 
  m_EditorClassIdentifier: 
--- !u!1001 &265407390
PrefabInstance:
  m_ObjectHideFlags: 0
  serializedVersion: 2
  m_Modification:
    m_TransformParent: {fileID: 0}
    m_Modifications:
    - target: {fileID: 5517684116182016984, guid: 9ceafeaad53f50b4bb00ca112cca8152,
        type: 3}
      propertyPath: controller
      value: 
      objectReference: {fileID: 208607621}
    - target: {fileID: 5517684116884268523, guid: 9ceafeaad53f50b4bb00ca112cca8152,
        type: 3}
      propertyPath: m_RootOrder
      value: 2
      objectReference: {fileID: 0}
    - target: {fileID: 5517684116884268523, guid: 9ceafeaad53f50b4bb00ca112cca8152,
        type: 3}
      propertyPath: m_LocalPosition.x
      value: -13.978906
      objectReference: {fileID: 0}
    - target: {fileID: 5517684116884268523, guid: 9ceafeaad53f50b4bb00ca112cca8152,
        type: 3}
      propertyPath: m_LocalPosition.y
      value: 0.00050354004
      objectReference: {fileID: 0}
    - target: {fileID: 5517684116884268523, guid: 9ceafeaad53f50b4bb00ca112cca8152,
        type: 3}
      propertyPath: m_LocalPosition.z
      value: -8.42639
      objectReference: {fileID: 0}
    - target: {fileID: 5517684116884268523, guid: 9ceafeaad53f50b4bb00ca112cca8152,
        type: 3}
      propertyPath: m_LocalRotation.w
      value: 1
      objectReference: {fileID: 0}
    - target: {fileID: 5517684116884268523, guid: 9ceafeaad53f50b4bb00ca112cca8152,
        type: 3}
      propertyPath: m_LocalRotation.x
      value: 0
      objectReference: {fileID: 0}
    - target: {fileID: 5517684116884268523, guid: 9ceafeaad53f50b4bb00ca112cca8152,
        type: 3}
      propertyPath: m_LocalRotation.y
      value: 0
      objectReference: {fileID: 0}
    - target: {fileID: 5517684116884268523, guid: 9ceafeaad53f50b4bb00ca112cca8152,
        type: 3}
      propertyPath: m_LocalRotation.z
      value: 0
      objectReference: {fileID: 0}
    - target: {fileID: 5517684116884268523, guid: 9ceafeaad53f50b4bb00ca112cca8152,
        type: 3}
      propertyPath: m_LocalEulerAnglesHint.x
      value: 0
      objectReference: {fileID: 0}
    - target: {fileID: 5517684116884268523, guid: 9ceafeaad53f50b4bb00ca112cca8152,
        type: 3}
      propertyPath: m_LocalEulerAnglesHint.y
      value: 0
      objectReference: {fileID: 0}
    - target: {fileID: 5517684116884268523, guid: 9ceafeaad53f50b4bb00ca112cca8152,
        type: 3}
      propertyPath: m_LocalEulerAnglesHint.z
      value: 0
      objectReference: {fileID: 0}
    - target: {fileID: 5517684116884268525, guid: 9ceafeaad53f50b4bb00ca112cca8152,
        type: 3}
      propertyPath: m_Name
      value: Boss
      objectReference: {fileID: 0}
    m_RemovedComponents: []
  m_SourcePrefab: {fileID: 100100000, guid: 9ceafeaad53f50b4bb00ca112cca8152, type: 3}
--- !u!1001 &270179937
PrefabInstance:
  m_ObjectHideFlags: 0
  serializedVersion: 2
  m_Modification:
    m_TransformParent: {fileID: 0}
    m_Modifications:
    - target: {fileID: -1993796007879751318, guid: dc61036ef90233d4eb680147624444f1,
        type: 3}
      propertyPath: outlineWidth
      value: 7.03
      objectReference: {fileID: 0}
    - target: {fileID: 501661842629757469, guid: dc61036ef90233d4eb680147624444f1,
        type: 3}
      propertyPath: m_Name
      value: Arrow
      objectReference: {fileID: 0}
    - target: {fileID: 980228811808085248, guid: dc61036ef90233d4eb680147624444f1,
        type: 3}
      propertyPath: m_RootOrder
      value: 1
      objectReference: {fileID: 0}
    - target: {fileID: 980228811808085248, guid: dc61036ef90233d4eb680147624444f1,
        type: 3}
      propertyPath: m_LocalPosition.x
      value: 12.131966
      objectReference: {fileID: 0}
    - target: {fileID: 980228811808085248, guid: dc61036ef90233d4eb680147624444f1,
        type: 3}
      propertyPath: m_LocalPosition.y
      value: 0.607
      objectReference: {fileID: 0}
    - target: {fileID: 980228811808085248, guid: dc61036ef90233d4eb680147624444f1,
        type: 3}
      propertyPath: m_LocalPosition.z
      value: 16.697636
      objectReference: {fileID: 0}
    - target: {fileID: 980228811808085248, guid: dc61036ef90233d4eb680147624444f1,
        type: 3}
      propertyPath: m_LocalRotation.w
      value: 1
      objectReference: {fileID: 0}
    - target: {fileID: 980228811808085248, guid: dc61036ef90233d4eb680147624444f1,
        type: 3}
      propertyPath: m_LocalRotation.x
      value: 0
      objectReference: {fileID: 0}
    - target: {fileID: 980228811808085248, guid: dc61036ef90233d4eb680147624444f1,
        type: 3}
      propertyPath: m_LocalRotation.y
      value: 0
      objectReference: {fileID: 0}
    - target: {fileID: 980228811808085248, guid: dc61036ef90233d4eb680147624444f1,
        type: 3}
      propertyPath: m_LocalRotation.z
      value: 0
      objectReference: {fileID: 0}
    - target: {fileID: 980228811808085248, guid: dc61036ef90233d4eb680147624444f1,
        type: 3}
      propertyPath: m_LocalEulerAnglesHint.x
      value: 0
      objectReference: {fileID: 0}
    - target: {fileID: 980228811808085248, guid: dc61036ef90233d4eb680147624444f1,
        type: 3}
      propertyPath: m_LocalEulerAnglesHint.y
      value: 0
      objectReference: {fileID: 0}
    - target: {fileID: 980228811808085248, guid: dc61036ef90233d4eb680147624444f1,
        type: 3}
      propertyPath: m_LocalEulerAnglesHint.z
      value: 0
      objectReference: {fileID: 0}
    m_RemovedComponents: []
  m_SourcePrefab: {fileID: 100100000, guid: dc61036ef90233d4eb680147624444f1, type: 3}
--- !u!1 &363767980
GameObject:
  m_ObjectHideFlags: 0
  m_CorrespondingSourceObject: {fileID: 0}
  m_PrefabInstance: {fileID: 0}
  m_PrefabAsset: {fileID: 0}
  serializedVersion: 6
  m_Component:
  - component: {fileID: 363767981}
  - component: {fileID: 363767982}
  m_Layer: 5
  m_Name: SaveEnemies
  m_TagString: Untagged
  m_Icon: {fileID: 0}
  m_NavMeshLayer: 0
  m_StaticEditorFlags: 0
  m_IsActive: 1
--- !u!224 &363767981
RectTransform:
  m_ObjectHideFlags: 0
  m_CorrespondingSourceObject: {fileID: 0}
  m_PrefabInstance: {fileID: 0}
  m_PrefabAsset: {fileID: 0}
  m_GameObject: {fileID: 363767980}
  m_LocalRotation: {x: -0, y: -0, z: -0, w: 1}
  m_LocalPosition: {x: 0, y: 0, z: 0}
  m_LocalScale: {x: 1, y: 1, z: 1}
  m_ConstrainProportionsScale: 0
  m_Children: []
  m_Father: {fileID: 0}
  m_RootOrder: 11
  m_LocalEulerAnglesHint: {x: 0, y: 0, z: 0}
  m_AnchorMin: {x: 0, y: 1}
  m_AnchorMax: {x: 0, y: 1}
  m_AnchoredPosition: {x: 692.7, y: -128.9}
  m_SizeDelta: {x: 160, y: 86.29999}
  m_Pivot: {x: 0, y: 1}
--- !u!114 &363767982
MonoBehaviour:
  m_ObjectHideFlags: 0
  m_CorrespondingSourceObject: {fileID: 0}
  m_PrefabInstance: {fileID: 0}
  m_PrefabAsset: {fileID: 0}
  m_GameObject: {fileID: 363767980}
  m_Enabled: 1
  m_EditorHideFlags: 0
  m_Script: {fileID: 11500000, guid: 13e59dedee35dd042b274f2b6212fafc, type: 3}
  m_Name: 
  m_EditorClassIdentifier: 
  inventoryManager: {fileID: 0}
  itemsToPickup:
  - {fileID: 11400000, guid: 91be07704f841c04d9a731ee8ae4b0b5, type: 2}
  - {fileID: 11400000, guid: 795c4025693f7a44fa796319714d8e13, type: 2}
--- !u!1 &447093235
GameObject:
  m_ObjectHideFlags: 0
  m_CorrespondingSourceObject: {fileID: 0}
  m_PrefabInstance: {fileID: 0}
  m_PrefabAsset: {fileID: 0}
  serializedVersion: 6
  m_Component:
  - component: {fileID: 447093236}
  - component: {fileID: 447093238}
  - component: {fileID: 447093237}
  m_Layer: 5
  m_Name: Text (TMP)
  m_TagString: Untagged
  m_Icon: {fileID: 0}
  m_NavMeshLayer: 0
  m_StaticEditorFlags: 0
  m_IsActive: 1
--- !u!224 &447093236
RectTransform:
  m_ObjectHideFlags: 0
  m_CorrespondingSourceObject: {fileID: 0}
  m_PrefabInstance: {fileID: 0}
  m_PrefabAsset: {fileID: 0}
  m_GameObject: {fileID: 447093235}
  m_LocalRotation: {x: 0, y: 0, z: 0, w: 1}
  m_LocalPosition: {x: 0, y: 0, z: 0}
  m_LocalScale: {x: 1, y: 1, z: 1}
  m_ConstrainProportionsScale: 0
  m_Children: []
  m_Father: {fileID: 0}
  m_RootOrder: 6
  m_LocalEulerAnglesHint: {x: 0, y: 0, z: 0}
  m_AnchorMin: {x: 0, y: 0}
  m_AnchorMax: {x: 1, y: 1}
  m_AnchoredPosition: {x: 0, y: 0}
  m_SizeDelta: {x: 0, y: 0}
  m_Pivot: {x: 0.5, y: 0.5}
--- !u!114 &447093237
MonoBehaviour:
  m_ObjectHideFlags: 0
  m_CorrespondingSourceObject: {fileID: 0}
  m_PrefabInstance: {fileID: 0}
  m_PrefabAsset: {fileID: 0}
  m_GameObject: {fileID: 447093235}
  m_Enabled: 1
  m_EditorHideFlags: 0
  m_Script: {fileID: 11500000, guid: f4688fdb7df04437aeb418b961361dc5, type: 3}
  m_Name: 
  m_EditorClassIdentifier: 
  m_Material: {fileID: 0}
  m_Color: {r: 1, g: 1, b: 1, a: 1}
  m_RaycastTarget: 1
  m_RaycastPadding: {x: 0, y: 0, z: 0, w: 0}
  m_Maskable: 1
  m_OnCullStateChanged:
    m_PersistentCalls:
      m_Calls: []
  m_text: 'Save Enemies

'
  m_isRightToLeft: 0
  m_fontAsset: {fileID: 11400000, guid: 8f586378b4e144a9851e7b34d9b748ee, type: 2}
  m_sharedMaterial: {fileID: 2180264, guid: 8f586378b4e144a9851e7b34d9b748ee, type: 2}
  m_fontSharedMaterials:
  - {fileID: 2180264, guid: 8f586378b4e144a9851e7b34d9b748ee, type: 2}
  m_fontMaterial: {fileID: 0}
  m_fontMaterials: []
  m_fontColor32:
    serializedVersion: 2
    rgba: 4281479730
  m_fontColor: {r: 0.19607843, g: 0.19607843, b: 0.19607843, a: 1}
  m_enableVertexGradient: 0
  m_colorMode: 3
  m_fontColorGradient:
    topLeft: {r: 1, g: 1, b: 1, a: 1}
    topRight: {r: 1, g: 1, b: 1, a: 1}
    bottomLeft: {r: 1, g: 1, b: 1, a: 1}
    bottomRight: {r: 1, g: 1, b: 1, a: 1}
  m_fontColorGradientPreset: {fileID: 0}
  m_spriteAsset: {fileID: 0}
  m_tintAllSprites: 0
  m_StyleSheet: {fileID: 0}
  m_TextStyleHashCode: -1183493901
  m_overrideHtmlColors: 0
  m_faceColor:
    serializedVersion: 2
    rgba: 4294967295
  m_fontSize: 24
  m_fontSizeBase: 24
  m_fontWeight: 400
  m_enableAutoSizing: 0
  m_fontSizeMin: 18
  m_fontSizeMax: 72
  m_fontStyle: 0
  m_HorizontalAlignment: 2
  m_VerticalAlignment: 512
  m_textAlignment: 65535
  m_characterSpacing: 0
  m_wordSpacing: 0
  m_lineSpacing: 0
  m_lineSpacingMax: 0
  m_paragraphSpacing: 0
  m_charWidthMaxAdj: 0
  m_enableWordWrapping: 1
  m_wordWrappingRatios: 0.4
  m_overflowMode: 0
  m_linkedTextComponent: {fileID: 0}
  parentLinkedComponent: {fileID: 0}
  m_enableKerning: 1
  m_enableExtraPadding: 0
  checkPaddingRequired: 0
  m_isRichText: 1
  m_parseCtrlCharacters: 1
  m_isOrthographic: 1
  m_isCullingEnabled: 0
  m_horizontalMapping: 0
  m_verticalMapping: 0
  m_uvLineOffset: 0
  m_geometrySortingOrder: 0
  m_IsTextObjectScaleStatic: 0
  m_VertexBufferAutoSizeReduction: 0
  m_useMaxVisibleDescender: 1
  m_pageToDisplay: 1
  m_margin: {x: 0, y: 0, z: 0, w: 0}
  m_isUsingLegacyAnimationComponent: 0
  m_isVolumetricText: 0
  m_hasFontAssetChanged: 0
  m_baseMaterial: {fileID: 0}
  m_maskOffset: {x: 0, y: 0, z: 0, w: 0}
--- !u!222 &447093238
CanvasRenderer:
  m_ObjectHideFlags: 0
  m_CorrespondingSourceObject: {fileID: 0}
  m_PrefabInstance: {fileID: 0}
  m_PrefabAsset: {fileID: 0}
  m_GameObject: {fileID: 447093235}
  m_CullTransparentMesh: 1
--- !u!4 &633213808 stripped
Transform:
  m_CorrespondingSourceObject: {fileID: 9013547632265984582, guid: 162303b555d3a0c4fbcfe23c08a76c4c,
    type: 3}
  m_PrefabInstance: {fileID: 9013547632864848182}
  m_PrefabAsset: {fileID: 0}
--- !u!1 &660066688 stripped
GameObject:
  m_CorrespondingSourceObject: {fileID: 3689850705157703744, guid: 56c22f063ef2e77458ce7dbe6b93deb7,
    type: 3}
  m_PrefabInstance: {fileID: 7773632972203928021}
  m_PrefabAsset: {fileID: 0}
--- !u!1 &660066689 stripped
GameObject:
  m_CorrespondingSourceObject: {fileID: 3689850704574754839, guid: 56c22f063ef2e77458ce7dbe6b93deb7,
    type: 3}
  m_PrefabInstance: {fileID: 7773632972203928021}
  m_PrefabAsset: {fileID: 0}
--- !u!114 &660066690 stripped
MonoBehaviour:
  m_CorrespondingSourceObject: {fileID: 3689850705503619137, guid: 56c22f063ef2e77458ce7dbe6b93deb7,
    type: 3}
  m_PrefabInstance: {fileID: 7773632972203928021}
  m_PrefabAsset: {fileID: 0}
  m_GameObject: {fileID: 0}
  m_Enabled: 1
  m_EditorHideFlags: 0
  m_Script: {fileID: 11500000, guid: f4688fdb7df04437aeb418b961361dc5, type: 3}
  m_Name: 
  m_EditorClassIdentifier: 
--- !u!1 &660066691 stripped
GameObject:
  m_CorrespondingSourceObject: {fileID: 3689850706097029489, guid: 56c22f063ef2e77458ce7dbe6b93deb7,
    type: 3}
  m_PrefabInstance: {fileID: 7773632972203928021}
  m_PrefabAsset: {fileID: 0}
--- !u!1 &1067381779 stripped
GameObject:
  m_CorrespondingSourceObject: {fileID: 3689850705898260324, guid: 56c22f063ef2e77458ce7dbe6b93deb7,
    type: 3}
  m_PrefabInstance: {fileID: 7773632972203928021}
  m_PrefabAsset: {fileID: 0}
--- !u!114 &1328801969 stripped
MonoBehaviour:
  m_CorrespondingSourceObject: {fileID: 1328801969, guid: 56c22f063ef2e77458ce7dbe6b93deb7,
    type: 3}
  m_PrefabInstance: {fileID: 7773632972203928021}
  m_PrefabAsset: {fileID: 0}
  m_GameObject: {fileID: 0}
  m_Enabled: 1
  m_EditorHideFlags: 0
  m_Script: {fileID: 11500000, guid: f4688fdb7df04437aeb418b961361dc5, type: 3}
  m_Name: 
  m_EditorClassIdentifier: 
--- !u!1 &1373707746
GameObject:
  m_ObjectHideFlags: 0
  m_CorrespondingSourceObject: {fileID: 0}
  m_PrefabInstance: {fileID: 0}
  m_PrefabAsset: {fileID: 0}
  serializedVersion: 6
  m_Component:
  - component: {fileID: 1373707748}
  - component: {fileID: 1373707747}
  - component: {fileID: 1373707749}
  m_Layer: 0
  m_Name: AudioManager
  m_TagString: Untagged
  m_Icon: {fileID: 0}
  m_NavMeshLayer: 0
  m_StaticEditorFlags: 0
  m_IsActive: 0
--- !u!114 &1373707747
MonoBehaviour:
  m_ObjectHideFlags: 0
  m_CorrespondingSourceObject: {fileID: 0}
  m_PrefabInstance: {fileID: 0}
  m_PrefabAsset: {fileID: 0}
  m_GameObject: {fileID: 1373707746}
  m_Enabled: 1
  m_EditorHideFlags: 0
  m_Script: {fileID: 11500000, guid: b9468c5f457ace64f8d4df6d642b107f, type: 3}
  m_Name: 
  m_EditorClassIdentifier: 
  LoadEvent: 1
  UnloadEvent: 2
  Banks:
  - Master
  CollisionTag: 
  PreloadSamples: 0
--- !u!4 &1373707748
Transform:
  m_ObjectHideFlags: 0
  m_CorrespondingSourceObject: {fileID: 0}
  m_PrefabInstance: {fileID: 0}
  m_PrefabAsset: {fileID: 0}
  m_GameObject: {fileID: 1373707746}
  m_LocalRotation: {x: 0, y: 0, z: 0, w: 1}
  m_LocalPosition: {x: -2.23, y: 4.08, z: 14.19}
  m_LocalScale: {x: 1, y: 1, z: 1}
  m_ConstrainProportionsScale: 0
  m_Children: []
  m_Father: {fileID: 0}
  m_RootOrder: 12
  m_LocalEulerAnglesHint: {x: 0, y: 0, z: 0}
--- !u!114 &1373707749
MonoBehaviour:
  m_ObjectHideFlags: 0
  m_CorrespondingSourceObject: {fileID: 0}
  m_PrefabInstance: {fileID: 0}
  m_PrefabAsset: {fileID: 0}
  m_GameObject: {fileID: 1373707746}
  m_Enabled: 1
  m_EditorHideFlags: 0
  m_Script: {fileID: 11500000, guid: 9a6610d2e704f1648819acc8d7460285, type: 3}
  m_Name: 
  m_EditorClassIdentifier: 
  CollisionTag: 
  EventReference:
    Guid:
      Data1: 1376659707
      Data2: 1262956274
      Data3: -1355379819
      Data4: -856193359
    Path: event:/New Event
  Event: 
  PlayEvent: 1
  StopEvent: 2
  AllowFadeout: 1
  TriggerOnce: 0
  Preload: 0
  Params: []
  OverrideAttenuation: 0
  OverrideMinDistance: 1
  OverrideMaxDistance: 20
--- !u!1 &1404873020 stripped
GameObject:
  m_CorrespondingSourceObject: {fileID: 8112498183764400683, guid: fd733bc611fe5b343826585a5dd32efd,
    type: 3}
  m_PrefabInstance: {fileID: 1941609785}
  m_PrefabAsset: {fileID: 0}
--- !u!1 &1726966109 stripped
GameObject:
  m_CorrespondingSourceObject: {fileID: 3689850705590444838, guid: 56c22f063ef2e77458ce7dbe6b93deb7,
    type: 3}
  m_PrefabInstance: {fileID: 7773632972203928021}
  m_PrefabAsset: {fileID: 0}
--- !u!1 &1764318812 stripped
GameObject:
  m_CorrespondingSourceObject: {fileID: 8928040008899050711, guid: fd733bc611fe5b343826585a5dd32efd,
    type: 3}
  m_PrefabInstance: {fileID: 1941609785}
  m_PrefabAsset: {fileID: 0}
--- !u!1 &1778195011 stripped
GameObject:
  m_CorrespondingSourceObject: {fileID: 247927839, guid: 56c22f063ef2e77458ce7dbe6b93deb7,
    type: 3}
  m_PrefabInstance: {fileID: 7773632972203928021}
  m_PrefabAsset: {fileID: 0}
--- !u!1 &1786009625 stripped
GameObject:
  m_CorrespondingSourceObject: {fileID: 5709104447709374752, guid: 56c22f063ef2e77458ce7dbe6b93deb7,
    type: 3}
  m_PrefabInstance: {fileID: 7773632972203928021}
  m_PrefabAsset: {fileID: 0}
--- !u!114 &1803457938 stripped
MonoBehaviour:
  m_CorrespondingSourceObject: {fileID: 1945523557, guid: 56c22f063ef2e77458ce7dbe6b93deb7,
    type: 3}
  m_PrefabInstance: {fileID: 7773632972203928021}
  m_PrefabAsset: {fileID: 0}
  m_GameObject: {fileID: 0}
  m_Enabled: 1
  m_EditorHideFlags: 0
  m_Script: {fileID: 11500000, guid: c33b1f8aa159df0458c6c1218a612f58, type: 3}
  m_Name: 
  m_EditorClassIdentifier: 
--- !u!1001 &1941609785
PrefabInstance:
  m_ObjectHideFlags: 0
  serializedVersion: 2
  m_Modification:
    m_TransformParent: {fileID: 0}
    m_Modifications:
    - target: {fileID: 3813355369607222918, guid: fd733bc611fe5b343826585a5dd32efd,
        type: 3}
      propertyPath: m_Name
      value: Patrols
      objectReference: {fileID: 0}
    - target: {fileID: 6607034357846291805, guid: fd733bc611fe5b343826585a5dd32efd,
        type: 3}
      propertyPath: m_RootOrder
      value: 3
      objectReference: {fileID: 0}
    - target: {fileID: 6607034357846291805, guid: fd733bc611fe5b343826585a5dd32efd,
        type: 3}
      propertyPath: m_LocalPosition.x
      value: 0
      objectReference: {fileID: 0}
    - target: {fileID: 6607034357846291805, guid: fd733bc611fe5b343826585a5dd32efd,
        type: 3}
      propertyPath: m_LocalPosition.y
      value: 0
      objectReference: {fileID: 0}
    - target: {fileID: 6607034357846291805, guid: fd733bc611fe5b343826585a5dd32efd,
        type: 3}
      propertyPath: m_LocalPosition.z
      value: 0
      objectReference: {fileID: 0}
    - target: {fileID: 6607034357846291805, guid: fd733bc611fe5b343826585a5dd32efd,
        type: 3}
      propertyPath: m_LocalRotation.w
      value: 1
      objectReference: {fileID: 0}
    - target: {fileID: 6607034357846291805, guid: fd733bc611fe5b343826585a5dd32efd,
        type: 3}
      propertyPath: m_LocalRotation.x
      value: 0
      objectReference: {fileID: 0}
    - target: {fileID: 6607034357846291805, guid: fd733bc611fe5b343826585a5dd32efd,
        type: 3}
      propertyPath: m_LocalRotation.y
      value: 0
      objectReference: {fileID: 0}
    - target: {fileID: 6607034357846291805, guid: fd733bc611fe5b343826585a5dd32efd,
        type: 3}
      propertyPath: m_LocalRotation.z
      value: 0
      objectReference: {fileID: 0}
    - target: {fileID: 6607034357846291805, guid: fd733bc611fe5b343826585a5dd32efd,
        type: 3}
      propertyPath: m_LocalEulerAnglesHint.x
      value: 0
      objectReference: {fileID: 0}
    - target: {fileID: 6607034357846291805, guid: fd733bc611fe5b343826585a5dd32efd,
        type: 3}
      propertyPath: m_LocalEulerAnglesHint.y
      value: 0
      objectReference: {fileID: 0}
    - target: {fileID: 6607034357846291805, guid: fd733bc611fe5b343826585a5dd32efd,
        type: 3}
      propertyPath: m_LocalEulerAnglesHint.z
      value: 0
      objectReference: {fileID: 0}
    m_RemovedComponents: []
  m_SourcePrefab: {fileID: 100100000, guid: fd733bc611fe5b343826585a5dd32efd, type: 3}
--- !u!1 &2115044504 stripped
GameObject:
  m_CorrespondingSourceObject: {fileID: 7773632971174180001, guid: 56c22f063ef2e77458ce7dbe6b93deb7,
    type: 3}
  m_PrefabInstance: {fileID: 7773632972203928021}
  m_PrefabAsset: {fileID: 0}
--- !u!114 &2133635968 stripped
MonoBehaviour:
  m_CorrespondingSourceObject: {fileID: 7773632970640561167, guid: 56c22f063ef2e77458ce7dbe6b93deb7,
    type: 3}
  m_PrefabInstance: {fileID: 7773632972203928021}
  m_PrefabAsset: {fileID: 0}
  m_GameObject: {fileID: 0}
  m_Enabled: 1
  m_EditorHideFlags: 0
  m_Script: {fileID: 11500000, guid: 241b2a5fcad0a15439f486f44800edb7, type: 3}
  m_Name: 
  m_EditorClassIdentifier: 
--- !u!1001 &325524645320502182
PrefabInstance:
  m_ObjectHideFlags: 0
  serializedVersion: 2
  m_Modification:
    m_TransformParent: {fileID: 0}
    m_Modifications:
    - target: {fileID: 325524644954741048, guid: 6a510ef9b01418c40b0613de2a44a79b,
        type: 3}
      propertyPath: m_Name
      value: VFX_Blood_loop
      objectReference: {fileID: 0}
    - target: {fileID: 325524644954741048, guid: 6a510ef9b01418c40b0613de2a44a79b,
        type: 3}
      propertyPath: m_IsActive
      value: 1
      objectReference: {fileID: 0}
    - target: {fileID: 325524644954741049, guid: 6a510ef9b01418c40b0613de2a44a79b,
        type: 3}
      propertyPath: m_RootOrder
      value: 10
      objectReference: {fileID: 0}
    - target: {fileID: 325524644954741049, guid: 6a510ef9b01418c40b0613de2a44a79b,
        type: 3}
      propertyPath: m_LocalPosition.x
      value: 0.010669352
      objectReference: {fileID: 0}
    - target: {fileID: 325524644954741049, guid: 6a510ef9b01418c40b0613de2a44a79b,
        type: 3}
      propertyPath: m_LocalPosition.y
      value: 1.406
      objectReference: {fileID: 0}
    - target: {fileID: 325524644954741049, guid: 6a510ef9b01418c40b0613de2a44a79b,
        type: 3}
      propertyPath: m_LocalPosition.z
      value: 4.7429633
      objectReference: {fileID: 0}
    - target: {fileID: 325524644954741049, guid: 6a510ef9b01418c40b0613de2a44a79b,
        type: 3}
      propertyPath: m_LocalRotation.w
      value: 0.0000029504295
      objectReference: {fileID: 0}
    - target: {fileID: 325524644954741049, guid: 6a510ef9b01418c40b0613de2a44a79b,
        type: 3}
      propertyPath: m_LocalRotation.x
      value: -0
      objectReference: {fileID: 0}
    - target: {fileID: 325524644954741049, guid: 6a510ef9b01418c40b0613de2a44a79b,
        type: 3}
      propertyPath: m_LocalRotation.y
      value: -1
      objectReference: {fileID: 0}
    - target: {fileID: 325524644954741049, guid: 6a510ef9b01418c40b0613de2a44a79b,
        type: 3}
      propertyPath: m_LocalRotation.z
      value: -0
      objectReference: {fileID: 0}
    - target: {fileID: 325524644954741049, guid: 6a510ef9b01418c40b0613de2a44a79b,
        type: 3}
      propertyPath: m_LocalEulerAnglesHint.x
      value: 0
      objectReference: {fileID: 0}
    - target: {fileID: 325524644954741049, guid: 6a510ef9b01418c40b0613de2a44a79b,
        type: 3}
      propertyPath: m_LocalEulerAnglesHint.y
      value: -180
      objectReference: {fileID: 0}
    - target: {fileID: 325524644954741049, guid: 6a510ef9b01418c40b0613de2a44a79b,
        type: 3}
      propertyPath: m_LocalEulerAnglesHint.z
      value: 0
      objectReference: {fileID: 0}
    - target: {fileID: 325524645279540456, guid: 6a510ef9b01418c40b0613de2a44a79b,
        type: 3}
      propertyPath: m_Enabled
      value: 1
      objectReference: {fileID: 0}
    - target: {fileID: 325524645279540457, guid: 6a510ef9b01418c40b0613de2a44a79b,
        type: 3}
      propertyPath: m_PropertySheet.m_Bool.m_Array.Array.size
      value: 1
      objectReference: {fileID: 0}
    - target: {fileID: 325524645279540457, guid: 6a510ef9b01418c40b0613de2a44a79b,
        type: 3}
      propertyPath: m_PropertySheet.m_Float.m_Array.Array.size
      value: 1
      objectReference: {fileID: 0}
    - target: {fileID: 325524645279540457, guid: 6a510ef9b01418c40b0613de2a44a79b,
        type: 3}
      propertyPath: m_PropertySheet.m_Vector3f.m_Array.Array.size
      value: 1
      objectReference: {fileID: 0}
    - target: {fileID: 325524645279540457, guid: 6a510ef9b01418c40b0613de2a44a79b,
        type: 3}
      propertyPath: m_PropertySheet.m_Bool.m_Array.Array.data[0].m_Name
      value: loop
      objectReference: {fileID: 0}
    - target: {fileID: 325524645279540457, guid: 6a510ef9b01418c40b0613de2a44a79b,
        type: 3}
      propertyPath: m_PropertySheet.m_Bool.m_Array.Array.data[0].m_Value
      value: 1
      objectReference: {fileID: 0}
    - target: {fileID: 325524645279540457, guid: 6a510ef9b01418c40b0613de2a44a79b,
        type: 3}
      propertyPath: m_PropertySheet.m_Float.m_Array.Array.data[0].m_Name
      value: Rate
      objectReference: {fileID: 0}
    - target: {fileID: 325524645279540457, guid: 6a510ef9b01418c40b0613de2a44a79b,
        type: 3}
      propertyPath: m_PropertySheet.m_Float.m_Array.Array.data[0].m_Value
      value: 32
      objectReference: {fileID: 0}
    - target: {fileID: 325524645279540457, guid: 6a510ef9b01418c40b0613de2a44a79b,
        type: 3}
      propertyPath: m_PropertySheet.m_Vector3f.m_Array.Array.data[0].m_Name
      value: BloodVelocity
      objectReference: {fileID: 0}
    - target: {fileID: 325524645279540457, guid: 6a510ef9b01418c40b0613de2a44a79b,
        type: 3}
      propertyPath: m_PropertySheet.m_Bool.m_Array.Array.data[0].m_Overridden
      value: 1
      objectReference: {fileID: 0}
    - target: {fileID: 325524645279540457, guid: 6a510ef9b01418c40b0613de2a44a79b,
        type: 3}
      propertyPath: m_PropertySheet.m_Float.m_Array.Array.data[0].m_Overridden
      value: 1
      objectReference: {fileID: 0}
    - target: {fileID: 325524645279540457, guid: 6a510ef9b01418c40b0613de2a44a79b,
        type: 3}
      propertyPath: m_PropertySheet.m_Vector3f.m_Array.Array.data[0].m_Value.x
      value: 0.4
      objectReference: {fileID: 0}
    - target: {fileID: 325524645279540457, guid: 6a510ef9b01418c40b0613de2a44a79b,
        type: 3}
      propertyPath: m_PropertySheet.m_Vector3f.m_Array.Array.data[0].m_Value.y
      value: 0.5
      objectReference: {fileID: 0}
    - target: {fileID: 325524645279540457, guid: 6a510ef9b01418c40b0613de2a44a79b,
        type: 3}
      propertyPath: m_PropertySheet.m_Vector3f.m_Array.Array.data[0].m_Value.z
      value: 10
      objectReference: {fileID: 0}
    - target: {fileID: 325524645279540457, guid: 6a510ef9b01418c40b0613de2a44a79b,
        type: 3}
      propertyPath: m_PropertySheet.m_Vector3f.m_Array.Array.data[0].m_Overridden
      value: 1
      objectReference: {fileID: 0}
    m_RemovedComponents: []
  m_SourcePrefab: {fileID: 100100000, guid: 6a510ef9b01418c40b0613de2a44a79b, type: 3}
--- !u!1001 &639576722643942418
PrefabInstance:
  m_ObjectHideFlags: 0
  serializedVersion: 2
  m_Modification:
    m_TransformParent: {fileID: 0}
    m_Modifications:
    - target: {fileID: 1697900525050769027, guid: abfcb761440367c4b93c6ca47dc5417e,
        type: 3}
      propertyPath: m_Name
      value: North
      objectReference: {fileID: 0}
    - target: {fileID: 6268692975359587940, guid: abfcb761440367c4b93c6ca47dc5417e,
        type: 3}
      propertyPath: m_RootOrder
      value: 0
      objectReference: {fileID: 0}
    - target: {fileID: 6268692975359587940, guid: abfcb761440367c4b93c6ca47dc5417e,
        type: 3}
      propertyPath: m_LocalPosition.x
      value: 4.4205523
      objectReference: {fileID: 0}
    - target: {fileID: 6268692975359587940, guid: abfcb761440367c4b93c6ca47dc5417e,
        type: 3}
      propertyPath: m_LocalPosition.y
      value: 2.8169258
      objectReference: {fileID: 0}
    - target: {fileID: 6268692975359587940, guid: abfcb761440367c4b93c6ca47dc5417e,
        type: 3}
      propertyPath: m_LocalPosition.z
      value: -2.1225204
      objectReference: {fileID: 0}
    - target: {fileID: 6268692975359587940, guid: abfcb761440367c4b93c6ca47dc5417e,
        type: 3}
      propertyPath: m_LocalRotation.w
      value: 1
      objectReference: {fileID: 0}
    - target: {fileID: 6268692975359587940, guid: abfcb761440367c4b93c6ca47dc5417e,
        type: 3}
      propertyPath: m_LocalRotation.x
      value: 0
      objectReference: {fileID: 0}
    - target: {fileID: 6268692975359587940, guid: abfcb761440367c4b93c6ca47dc5417e,
        type: 3}
      propertyPath: m_LocalRotation.y
      value: 0
      objectReference: {fileID: 0}
    - target: {fileID: 6268692975359587940, guid: abfcb761440367c4b93c6ca47dc5417e,
        type: 3}
      propertyPath: m_LocalRotation.z
      value: 0
      objectReference: {fileID: 0}
    - target: {fileID: 6268692975359587940, guid: abfcb761440367c4b93c6ca47dc5417e,
        type: 3}
      propertyPath: m_LocalEulerAnglesHint.x
      value: 0
      objectReference: {fileID: 0}
    - target: {fileID: 6268692975359587940, guid: abfcb761440367c4b93c6ca47dc5417e,
        type: 3}
      propertyPath: m_LocalEulerAnglesHint.y
      value: 0
      objectReference: {fileID: 0}
    - target: {fileID: 6268692975359587940, guid: abfcb761440367c4b93c6ca47dc5417e,
        type: 3}
      propertyPath: m_LocalEulerAnglesHint.z
      value: 0
      objectReference: {fileID: 0}
    - target: {fileID: 7660980939234723467, guid: abfcb761440367c4b93c6ca47dc5417e,
        type: 3}
      propertyPath: m_LocalScale.z
      value: 3.8427937
      objectReference: {fileID: 0}
    m_RemovedComponents: []
  m_SourcePrefab: {fileID: 100100000, guid: abfcb761440367c4b93c6ca47dc5417e, type: 3}
--- !u!108 &2114283754330233425 stripped
Light:
  m_CorrespondingSourceObject: {fileID: 1564801294604396099, guid: abfcb761440367c4b93c6ca47dc5417e,
    type: 3}
  m_PrefabInstance: {fileID: 639576722643942418}
  m_PrefabAsset: {fileID: 0}
--- !u!1001 &4274945277294952684
PrefabInstance:
  m_ObjectHideFlags: 0
  serializedVersion: 2
  m_Modification:
    m_TransformParent: {fileID: 0}
    m_Modifications:
    - target: {fileID: 2761230857283337197, guid: 922505997b8b4af47adceeba85fc065c,
        type: 3}
      propertyPath: m_Name
      value: NPC'S
      objectReference: {fileID: 0}
    - target: {fileID: 4643865119577938818, guid: 922505997b8b4af47adceeba85fc065c,
        type: 3}
      propertyPath: m_RootOrder
      value: 7
      objectReference: {fileID: 0}
    - target: {fileID: 4643865119577938818, guid: 922505997b8b4af47adceeba85fc065c,
        type: 3}
      propertyPath: m_LocalPosition.x
      value: 2.3661432
      objectReference: {fileID: 0}
    - target: {fileID: 4643865119577938818, guid: 922505997b8b4af47adceeba85fc065c,
        type: 3}
      propertyPath: m_LocalPosition.y
      value: 0.8493802
      objectReference: {fileID: 0}
    - target: {fileID: 4643865119577938818, guid: 922505997b8b4af47adceeba85fc065c,
        type: 3}
      propertyPath: m_LocalPosition.z
      value: -13.438904
      objectReference: {fileID: 0}
    - target: {fileID: 4643865119577938818, guid: 922505997b8b4af47adceeba85fc065c,
        type: 3}
      propertyPath: m_LocalRotation.w
      value: 1
      objectReference: {fileID: 0}
    - target: {fileID: 4643865119577938818, guid: 922505997b8b4af47adceeba85fc065c,
        type: 3}
      propertyPath: m_LocalRotation.x
      value: 0
      objectReference: {fileID: 0}
    - target: {fileID: 4643865119577938818, guid: 922505997b8b4af47adceeba85fc065c,
        type: 3}
      propertyPath: m_LocalRotation.y
      value: 0
      objectReference: {fileID: 0}
    - target: {fileID: 4643865119577938818, guid: 922505997b8b4af47adceeba85fc065c,
        type: 3}
      propertyPath: m_LocalRotation.z
      value: 0
      objectReference: {fileID: 0}
    - target: {fileID: 4643865119577938818, guid: 922505997b8b4af47adceeba85fc065c,
        type: 3}
      propertyPath: m_LocalEulerAnglesHint.x
      value: 0
      objectReference: {fileID: 0}
    - target: {fileID: 4643865119577938818, guid: 922505997b8b4af47adceeba85fc065c,
        type: 3}
      propertyPath: m_LocalEulerAnglesHint.y
      value: 0
      objectReference: {fileID: 0}
    - target: {fileID: 4643865119577938818, guid: 922505997b8b4af47adceeba85fc065c,
        type: 3}
      propertyPath: m_LocalEulerAnglesHint.z
      value: 0
      objectReference: {fileID: 0}
    m_RemovedComponents: []
  m_SourcePrefab: {fileID: 100100000, guid: 922505997b8b4af47adceeba85fc065c, type: 3}
--- !u!1001 &5145649318371942677
PrefabInstance:
  m_ObjectHideFlags: 0
  serializedVersion: 2
  m_Modification:
    m_TransformParent: {fileID: 0}
    m_Modifications:
    - target: {fileID: 208607619, guid: 61002cde6e968084f8fdc5e37fface65, type: 3}
      propertyPath: ui_stats
      value: 
      objectReference: {fileID: 1803457938}
    - target: {fileID: 208607627, guid: 61002cde6e968084f8fdc5e37fface65, type: 3}
      propertyPath: activate
      value: 
      objectReference: {fileID: 660066689}
    - target: {fileID: 208607627, guid: 61002cde6e968084f8fdc5e37fface65, type: 3}
      propertyPath: deal_panel
      value: 
      objectReference: {fileID: 660066688}
    - target: {fileID: 208607627, guid: 61002cde6e968084f8fdc5e37fface65, type: 3}
      propertyPath: dialog_text
      value: 
      objectReference: {fileID: 660066690}
    - target: {fileID: 208607627, guid: 61002cde6e968084f8fdc5e37fface65, type: 3}
      propertyPath: gameplay_UI
      value: 
      objectReference: {fileID: 1786009625}
    - target: {fileID: 208607627, guid: 61002cde6e968084f8fdc5e37fface65, type: 3}
      propertyPath: active_slots
      value: 
      objectReference: {fileID: 1778195011}
    - target: {fileID: 208607627, guid: 61002cde6e968084f8fdc5e37fface65, type: 3}
      propertyPath: dialog_panel
      value: 
      objectReference: {fileID: 660066691}
    - target: {fileID: 208607627, guid: 61002cde6e968084f8fdc5e37fface65, type: 3}
      propertyPath: choice_panel_deal
      value: 
      objectReference: {fileID: 1726966109}
    - target: {fileID: 208607627, guid: 61002cde6e968084f8fdc5e37fface65, type: 3}
      propertyPath: choice_panel_dialog
      value: 
      objectReference: {fileID: 1067381779}
    - target: {fileID: 397155941324680641, guid: 61002cde6e968084f8fdc5e37fface65,
        type: 3}
      propertyPath: m_Name
      value: ForPlayer
      objectReference: {fileID: 0}
    - target: {fileID: 3663596069047859870, guid: 61002cde6e968084f8fdc5e37fface65,
        type: 3}
      propertyPath: m_RootOrder
      value: 5
      objectReference: {fileID: 0}
    - target: {fileID: 3663596069047859870, guid: 61002cde6e968084f8fdc5e37fface65,
        type: 3}
      propertyPath: m_LocalPosition.x
      value: 0
      objectReference: {fileID: 0}
    - target: {fileID: 3663596069047859870, guid: 61002cde6e968084f8fdc5e37fface65,
        type: 3}
      propertyPath: m_LocalPosition.y
      value: 0
      objectReference: {fileID: 0}
    - target: {fileID: 3663596069047859870, guid: 61002cde6e968084f8fdc5e37fface65,
        type: 3}
      propertyPath: m_LocalPosition.z
      value: 0
      objectReference: {fileID: 0}
    - target: {fileID: 3663596069047859870, guid: 61002cde6e968084f8fdc5e37fface65,
        type: 3}
      propertyPath: m_LocalRotation.w
      value: 1
      objectReference: {fileID: 0}
    - target: {fileID: 3663596069047859870, guid: 61002cde6e968084f8fdc5e37fface65,
        type: 3}
      propertyPath: m_LocalRotation.x
      value: 0
      objectReference: {fileID: 0}
    - target: {fileID: 3663596069047859870, guid: 61002cde6e968084f8fdc5e37fface65,
        type: 3}
      propertyPath: m_LocalRotation.y
      value: 0
      objectReference: {fileID: 0}
    - target: {fileID: 3663596069047859870, guid: 61002cde6e968084f8fdc5e37fface65,
        type: 3}
      propertyPath: m_LocalRotation.z
      value: 0
      objectReference: {fileID: 0}
    - target: {fileID: 3663596069047859870, guid: 61002cde6e968084f8fdc5e37fface65,
        type: 3}
      propertyPath: m_LocalEulerAnglesHint.x
      value: 0
      objectReference: {fileID: 0}
    - target: {fileID: 3663596069047859870, guid: 61002cde6e968084f8fdc5e37fface65,
        type: 3}
      propertyPath: m_LocalEulerAnglesHint.y
      value: 0
      objectReference: {fileID: 0}
    - target: {fileID: 3663596069047859870, guid: 61002cde6e968084f8fdc5e37fface65,
        type: 3}
      propertyPath: m_LocalEulerAnglesHint.z
      value: 0
      objectReference: {fileID: 0}
    - target: {fileID: 5145649317646745906, guid: 61002cde6e968084f8fdc5e37fface65,
        type: 3}
      propertyPath: m_LookAt
      value: 
      objectReference: {fileID: 633213808}
    - target: {fileID: 8801465322547334749, guid: 61002cde6e968084f8fdc5e37fface65,
        type: 3}
      propertyPath: ui_stats
      value: 
      objectReference: {fileID: 1803457938}
    - target: {fileID: 8801465322547334749, guid: 61002cde6e968084f8fdc5e37fface65,
        type: 3}
      propertyPath: inventoryPlane
      value: 
      objectReference: {fileID: 2115044504}
    - target: {fileID: 8801465322547334749, guid: 61002cde6e968084f8fdc5e37fface65,
        type: 3}
      propertyPath: inventoryManager
      value: 
      objectReference: {fileID: 2133635968}
    m_RemovedComponents: []
  m_SourcePrefab: {fileID: 100100000, guid: 61002cde6e968084f8fdc5e37fface65, type: 3}
--- !u!1001 &5734503001698454349
PrefabInstance:
  m_ObjectHideFlags: 0
  serializedVersion: 2
  m_Modification:
    m_TransformParent: {fileID: 0}
    m_Modifications:
    - target: {fileID: 1572622759400048222, guid: 7431709fe4ada664d9ad05af590130a9,
        type: 3}
      propertyPath: patrol
      value: 
      objectReference: {fileID: 1764318812}
    - target: {fileID: 1572622759400048222, guid: 7431709fe4ada664d9ad05af590130a9,
        type: 3}
      propertyPath: player
      value: 
      objectReference: {fileID: 208607611}
    - target: {fileID: 2031954154783606410, guid: 7431709fe4ada664d9ad05af590130a9,
        type: 3}
      propertyPath: m_LocalRotation.x
      value: 0.019975899
      objectReference: {fileID: 0}
    - target: {fileID: 2031954154783606410, guid: 7431709fe4ada664d9ad05af590130a9,
        type: 3}
      propertyPath: m_LocalRotation.z
      value: 0.0006555992
      objectReference: {fileID: 0}
    - target: {fileID: 2588875189153569972, guid: 7431709fe4ada664d9ad05af590130a9,
        type: 3}
      propertyPath: m_IsActive
      value: 0
      objectReference: {fileID: 0}
    - target: {fileID: 3200645459391750816, guid: 7431709fe4ada664d9ad05af590130a9,
        type: 3}
      propertyPath: patrol
      value: 
      objectReference: {fileID: 1404873020}
    - target: {fileID: 3200645459391750816, guid: 7431709fe4ada664d9ad05af590130a9,
        type: 3}
      propertyPath: player
      value: 
      objectReference: {fileID: 208607611}
    - target: {fileID: 5734503000653505660, guid: 7431709fe4ada664d9ad05af590130a9,
        type: 3}
      propertyPath: m_RootOrder
      value: 4
      objectReference: {fileID: 0}
    - target: {fileID: 5734503000653505660, guid: 7431709fe4ada664d9ad05af590130a9,
        type: 3}
      propertyPath: m_LocalPosition.x
      value: 10.45819
      objectReference: {fileID: 0}
    - target: {fileID: 5734503000653505660, guid: 7431709fe4ada664d9ad05af590130a9,
        type: 3}
      propertyPath: m_LocalPosition.y
      value: 0.90961665
      objectReference: {fileID: 0}
    - target: {fileID: 5734503000653505660, guid: 7431709fe4ada664d9ad05af590130a9,
        type: 3}
      propertyPath: m_LocalPosition.z
      value: 8.44
      objectReference: {fileID: 0}
    - target: {fileID: 5734503000653505660, guid: 7431709fe4ada664d9ad05af590130a9,
        type: 3}
      propertyPath: m_LocalRotation.w
      value: 1
      objectReference: {fileID: 0}
    - target: {fileID: 5734503000653505660, guid: 7431709fe4ada664d9ad05af590130a9,
        type: 3}
      propertyPath: m_LocalRotation.x
      value: 0
      objectReference: {fileID: 0}
    - target: {fileID: 5734503000653505660, guid: 7431709fe4ada664d9ad05af590130a9,
        type: 3}
      propertyPath: m_LocalRotation.y
      value: 0
      objectReference: {fileID: 0}
    - target: {fileID: 5734503000653505660, guid: 7431709fe4ada664d9ad05af590130a9,
        type: 3}
      propertyPath: m_LocalRotation.z
      value: 0
      objectReference: {fileID: 0}
    - target: {fileID: 5734503000653505660, guid: 7431709fe4ada664d9ad05af590130a9,
        type: 3}
      propertyPath: m_LocalEulerAnglesHint.x
      value: 0
      objectReference: {fileID: 0}
    - target: {fileID: 5734503000653505660, guid: 7431709fe4ada664d9ad05af590130a9,
        type: 3}
      propertyPath: m_LocalEulerAnglesHint.y
      value: 0
      objectReference: {fileID: 0}
    - target: {fileID: 5734503000653505660, guid: 7431709fe4ada664d9ad05af590130a9,
        type: 3}
      propertyPath: m_LocalEulerAnglesHint.z
      value: 0
      objectReference: {fileID: 0}
    - target: {fileID: 5734503000653505661, guid: 7431709fe4ada664d9ad05af590130a9,
        type: 3}
      propertyPath: m_Name
      value: Enemies
      objectReference: {fileID: 0}
    - target: {fileID: 5734503000653505661, guid: 7431709fe4ada664d9ad05af590130a9,
        type: 3}
      propertyPath: m_IsActive
      value: 0
      objectReference: {fileID: 0}
    m_RemovedComponents:
    - {fileID: 8183094376234924827, guid: 7431709fe4ada664d9ad05af590130a9, type: 3}
  m_SourcePrefab: {fileID: 100100000, guid: 7431709fe4ada664d9ad05af590130a9, type: 3}
--- !u!1001 &7773632972203928021
PrefabInstance:
  m_ObjectHideFlags: 0
  serializedVersion: 2
  m_Modification:
    m_TransformParent: {fileID: 0}
    m_Modifications:
    - target: {fileID: 1591090547127446661, guid: 56c22f063ef2e77458ce7dbe6b93deb7,
        type: 3}
      propertyPath: m_AnchoredPosition.x
      value: 0
      objectReference: {fileID: 0}
    - target: {fileID: 2219800403169545172, guid: 56c22f063ef2e77458ce7dbe6b93deb7,
        type: 3}
      propertyPath: m_AnchorMax.y
      value: 0
      objectReference: {fileID: 0}
    - target: {fileID: 2219800403169545172, guid: 56c22f063ef2e77458ce7dbe6b93deb7,
        type: 3}
      propertyPath: m_AnchorMin.y
      value: 0
      objectReference: {fileID: 0}
    - target: {fileID: 2219800403169545172, guid: 56c22f063ef2e77458ce7dbe6b93deb7,
        type: 3}
      propertyPath: m_SizeDelta.x
      value: 0
      objectReference: {fileID: 0}
    - target: {fileID: 2219800403169545172, guid: 56c22f063ef2e77458ce7dbe6b93deb7,
        type: 3}
      propertyPath: m_SizeDelta.y
      value: 0
      objectReference: {fileID: 0}
    - target: {fileID: 2219800403169545172, guid: 56c22f063ef2e77458ce7dbe6b93deb7,
        type: 3}
      propertyPath: m_AnchoredPosition.x
      value: 0
      objectReference: {fileID: 0}
    - target: {fileID: 2219800403169545172, guid: 56c22f063ef2e77458ce7dbe6b93deb7,
        type: 3}
      propertyPath: m_AnchoredPosition.y
      value: 0
      objectReference: {fileID: 0}
    - target: {fileID: 2344850970209252716, guid: 56c22f063ef2e77458ce7dbe6b93deb7,
        type: 3}
      propertyPath: m_Name
      value: Managers+UI
      objectReference: {fileID: 0}
    - target: {fileID: 3689850706440870235, guid: 56c22f063ef2e77458ce7dbe6b93deb7,
        type: 3}
      propertyPath: m_PresetInfoIsWorld
      value: 0
      objectReference: {fileID: 0}
    - target: {fileID: 7256628442180875248, guid: 56c22f063ef2e77458ce7dbe6b93deb7,
        type: 3}
      propertyPath: m_RootOrder
      value: 9
      objectReference: {fileID: 0}
    - target: {fileID: 7256628442180875248, guid: 56c22f063ef2e77458ce7dbe6b93deb7,
        type: 3}
      propertyPath: m_LocalPosition.x
      value: 10.099602
      objectReference: {fileID: 0}
    - target: {fileID: 7256628442180875248, guid: 56c22f063ef2e77458ce7dbe6b93deb7,
        type: 3}
      propertyPath: m_LocalPosition.y
      value: 1.9686538
      objectReference: {fileID: 0}
    - target: {fileID: 7256628442180875248, guid: 56c22f063ef2e77458ce7dbe6b93deb7,
        type: 3}
      propertyPath: m_LocalPosition.z
      value: 1.5708581
      objectReference: {fileID: 0}
    - target: {fileID: 7256628442180875248, guid: 56c22f063ef2e77458ce7dbe6b93deb7,
        type: 3}
      propertyPath: m_LocalRotation.w
      value: 1
      objectReference: {fileID: 0}
    - target: {fileID: 7256628442180875248, guid: 56c22f063ef2e77458ce7dbe6b93deb7,
        type: 3}
      propertyPath: m_LocalRotation.x
      value: 0
      objectReference: {fileID: 0}
    - target: {fileID: 7256628442180875248, guid: 56c22f063ef2e77458ce7dbe6b93deb7,
        type: 3}
      propertyPath: m_LocalRotation.y
      value: 0
      objectReference: {fileID: 0}
    - target: {fileID: 7256628442180875248, guid: 56c22f063ef2e77458ce7dbe6b93deb7,
        type: 3}
      propertyPath: m_LocalRotation.z
      value: 0
      objectReference: {fileID: 0}
    - target: {fileID: 7256628442180875248, guid: 56c22f063ef2e77458ce7dbe6b93deb7,
        type: 3}
      propertyPath: m_LocalEulerAnglesHint.x
      value: 0
      objectReference: {fileID: 0}
    - target: {fileID: 7256628442180875248, guid: 56c22f063ef2e77458ce7dbe6b93deb7,
        type: 3}
      propertyPath: m_LocalEulerAnglesHint.y
      value: 0
      objectReference: {fileID: 0}
    - target: {fileID: 7256628442180875248, guid: 56c22f063ef2e77458ce7dbe6b93deb7,
        type: 3}
      propertyPath: m_LocalEulerAnglesHint.z
      value: 0
      objectReference: {fileID: 0}
    - target: {fileID: 8444019179959223860, guid: 56c22f063ef2e77458ce7dbe6b93deb7,
        type: 3}
      propertyPath: m_AnchorMax.y
      value: 0
      objectReference: {fileID: 0}
    - target: {fileID: 8444019179959223860, guid: 56c22f063ef2e77458ce7dbe6b93deb7,
        type: 3}
      propertyPath: m_AnchorMin.y
      value: 0
      objectReference: {fileID: 0}
    - target: {fileID: 8444019179959223860, guid: 56c22f063ef2e77458ce7dbe6b93deb7,
        type: 3}
      propertyPath: m_SizeDelta.x
      value: 0
      objectReference: {fileID: 0}
    - target: {fileID: 8444019179959223860, guid: 56c22f063ef2e77458ce7dbe6b93deb7,
        type: 3}
      propertyPath: m_SizeDelta.y
      value: 0
      objectReference: {fileID: 0}
    - target: {fileID: 8444019179959223860, guid: 56c22f063ef2e77458ce7dbe6b93deb7,
        type: 3}
      propertyPath: m_AnchoredPosition.x
      value: 0
      objectReference: {fileID: 0}
    - target: {fileID: 8444019179959223860, guid: 56c22f063ef2e77458ce7dbe6b93deb7,
        type: 3}
      propertyPath: m_AnchoredPosition.y
      value: 0
      objectReference: {fileID: 0}
    - target: {fileID: 8761891480384000595, guid: 56c22f063ef2e77458ce7dbe6b93deb7,
        type: 3}
      propertyPath: m_AnchoredPosition.y
      value: 0.2401123
      objectReference: {fileID: 0}
    m_RemovedComponents: []
  m_SourcePrefab: {fileID: 100100000, guid: 56c22f063ef2e77458ce7dbe6b93deb7, type: 3}
--- !u!1001 &9013547632864848182
PrefabInstance:
  m_ObjectHideFlags: 0
  serializedVersion: 2
  m_Modification:
    m_TransformParent: {fileID: 0}
    m_Modifications:
    - target: {fileID: 150236697, guid: 162303b555d3a0c4fbcfe23c08a76c4c, type: 3}
      propertyPath: m_RootOrder
      value: 15
      objectReference: {fileID: 0}
    - target: {fileID: 152361791, guid: 162303b555d3a0c4fbcfe23c08a76c4c, type: 3}
      propertyPath: m_RootOrder
      value: 6
      objectReference: {fileID: 0}
    - target: {fileID: 1803457937, guid: 162303b555d3a0c4fbcfe23c08a76c4c, type: 3}
      propertyPath: m_RootOrder
      value: 14
      objectReference: {fileID: 0}
    - target: {fileID: 2063755415, guid: 162303b555d3a0c4fbcfe23c08a76c4c, type: 3}
      propertyPath: m_RootOrder
      value: 7
      objectReference: {fileID: 0}
    - target: {fileID: 2330028740604910457, guid: 162303b555d3a0c4fbcfe23c08a76c4c,
        type: 3}
      propertyPath: m_RootOrder
      value: 4
      objectReference: {fileID: 0}
    - target: {fileID: 2655952659095091219, guid: 162303b555d3a0c4fbcfe23c08a76c4c,
        type: 3}
      propertyPath: m_RootOrder
      value: 5
      objectReference: {fileID: 0}
    - target: {fileID: 3036105915934765723, guid: 162303b555d3a0c4fbcfe23c08a76c4c,
        type: 3}
      propertyPath: m_Name
      value: South
      objectReference: {fileID: 0}
    - target: {fileID: 3647482901885596745, guid: 162303b555d3a0c4fbcfe23c08a76c4c,
        type: 3}
      propertyPath: m_RootOrder
      value: 8
      objectReference: {fileID: 0}
    - target: {fileID: 3647482901885596745, guid: 162303b555d3a0c4fbcfe23c08a76c4c,
        type: 3}
      propertyPath: m_LocalPosition.x
      value: 4.4205523
      objectReference: {fileID: 0}
    - target: {fileID: 3647482901885596745, guid: 162303b555d3a0c4fbcfe23c08a76c4c,
        type: 3}
      propertyPath: m_LocalPosition.y
      value: 2.8169258
      objectReference: {fileID: 0}
    - target: {fileID: 3647482901885596745, guid: 162303b555d3a0c4fbcfe23c08a76c4c,
        type: 3}
      propertyPath: m_LocalPosition.z
      value: -2.1225204
      objectReference: {fileID: 0}
    - target: {fileID: 3647482901885596745, guid: 162303b555d3a0c4fbcfe23c08a76c4c,
        type: 3}
      propertyPath: m_LocalRotation.w
      value: 1
      objectReference: {fileID: 0}
    - target: {fileID: 3647482901885596745, guid: 162303b555d3a0c4fbcfe23c08a76c4c,
        type: 3}
      propertyPath: m_LocalRotation.x
      value: 0
      objectReference: {fileID: 0}
    - target: {fileID: 3647482901885596745, guid: 162303b555d3a0c4fbcfe23c08a76c4c,
        type: 3}
      propertyPath: m_LocalRotation.y
      value: 0
      objectReference: {fileID: 0}
    - target: {fileID: 3647482901885596745, guid: 162303b555d3a0c4fbcfe23c08a76c4c,
        type: 3}
      propertyPath: m_LocalRotation.z
      value: 0
      objectReference: {fileID: 0}
    - target: {fileID: 3647482901885596745, guid: 162303b555d3a0c4fbcfe23c08a76c4c,
        type: 3}
      propertyPath: m_LocalEulerAnglesHint.x
      value: 0
      objectReference: {fileID: 0}
    - target: {fileID: 3647482901885596745, guid: 162303b555d3a0c4fbcfe23c08a76c4c,
        type: 3}
      propertyPath: m_LocalEulerAnglesHint.y
      value: 0
      objectReference: {fileID: 0}
    - target: {fileID: 3647482901885596745, guid: 162303b555d3a0c4fbcfe23c08a76c4c,
        type: 3}
      propertyPath: m_LocalEulerAnglesHint.z
      value: 0
      objectReference: {fileID: 0}
    - target: {fileID: 7690965641169986433, guid: 162303b555d3a0c4fbcfe23c08a76c4c,
        type: 3}
      propertyPath: text
      value: 
      objectReference: {fileID: 1328801969}
    - target: {fileID: 7690965641169986433, guid: 162303b555d3a0c4fbcfe23c08a76c4c,
        type: 3}
      propertyPath: button
      value: 
      objectReference: {fileID: 206180819}
    - target: {fileID: 7690965641328370691, guid: 162303b555d3a0c4fbcfe23c08a76c4c,
        type: 3}
      propertyPath: m_RootOrder
      value: 12
      objectReference: {fileID: 0}
    - target: {fileID: 7690965641465708869, guid: 162303b555d3a0c4fbcfe23c08a76c4c,
        type: 3}
      propertyPath: text
      value: 
      objectReference: {fileID: 1328801969}
    - target: {fileID: 7690965641465708869, guid: 162303b555d3a0c4fbcfe23c08a76c4c,
        type: 3}
      propertyPath: button
      value: 
      objectReference: {fileID: 206180819}
    - target: {fileID: 7690965641694979536, guid: 162303b555d3a0c4fbcfe23c08a76c4c,
        type: 3}
      propertyPath: m_RootOrder
      value: 9
      objectReference: {fileID: 0}
    - target: {fileID: 7690965641850905170, guid: 162303b555d3a0c4fbcfe23c08a76c4c,
        type: 3}
      propertyPath: text
      value: 
      objectReference: {fileID: 1328801969}
    - target: {fileID: 7690965641850905170, guid: 162303b555d3a0c4fbcfe23c08a76c4c,
        type: 3}
      propertyPath: button
      value: 
      objectReference: {fileID: 206180819}
    - target: {fileID: 7690965641981921044, guid: 162303b555d3a0c4fbcfe23c08a76c4c,
        type: 3}
      propertyPath: m_RootOrder
      value: 11
      objectReference: {fileID: 0}
    - target: {fileID: 7690965642077284941, guid: 162303b555d3a0c4fbcfe23c08a76c4c,
        type: 3}
      propertyPath: text
      value: 
      objectReference: {fileID: 1328801969}
    - target: {fileID: 7690965642077284941, guid: 162303b555d3a0c4fbcfe23c08a76c4c,
        type: 3}
      propertyPath: button
      value: 
      objectReference: {fileID: 206180819}
    - target: {fileID: 7690965642176198322, guid: 162303b555d3a0c4fbcfe23c08a76c4c,
        type: 3}
      propertyPath: text
      value: 
      objectReference: {fileID: 1328801969}
    - target: {fileID: 7690965642176198322, guid: 162303b555d3a0c4fbcfe23c08a76c4c,
        type: 3}
      propertyPath: button
      value: 
      objectReference: {fileID: 206180819}
    - target: {fileID: 7690965642595101724, guid: 162303b555d3a0c4fbcfe23c08a76c4c,
        type: 3}
      propertyPath: m_RootOrder
      value: 10
      objectReference: {fileID: 0}
    - target: {fileID: 7690965642701713635, guid: 162303b555d3a0c4fbcfe23c08a76c4c,
        type: 3}
      propertyPath: m_RootOrder
      value: 8
      objectReference: {fileID: 0}
    - target: {fileID: 9013547632325000805, guid: 162303b555d3a0c4fbcfe23c08a76c4c,
        type: 3}
      propertyPath: text
      value: 
      objectReference: {fileID: 1328801969}
    - target: {fileID: 9013547632325000805, guid: 162303b555d3a0c4fbcfe23c08a76c4c,
        type: 3}
      propertyPath: button
      value: 
      objectReference: {fileID: 206180819}
    - target: {fileID: 9013547632875157556, guid: 162303b555d3a0c4fbcfe23c08a76c4c,
        type: 3}
      propertyPath: m_RootOrder
      value: 13
      objectReference: {fileID: 0}
    m_RemovedComponents: []
  m_SourcePrefab: {fileID: 100100000, guid: 162303b555d3a0c4fbcfe23c08a76c4c, type: 3}
